<?xml version="1.0" encoding="UTF-8"?>
<collection xmlns:xsi="http://www.w3.org/2001/XMLSchema-instance" xsi:schemaLocation="http://www.loc.gov/MARC21/slim http://www.loc.gov/standards/marcxml/schema/MARC21slim.xsd" xmlns="http://www.loc.gov/MARC21/slim">
<record>
  <leader>01364cam a2200313 i 4500</leader>
  <controlfield tag="001">38325</controlfield>
  <controlfield tag="003">NNC</controlfield>
  <controlfield tag="005">20160623143949.0</controlfield>
  <controlfield tag="008">810126s1949    ua            010 0bara d</controlfield>
  <datafield tag="035" ind1=" " ind2=" ">
    <subfield code="a">(OCoLC)40685005</subfield>
  </datafield>
  <datafield tag="035" ind1=" " ind2=" ">
    <subfield code="a">(OCoLC)ocm40685005</subfield>
  </datafield>
  <datafield tag="035" ind1=" " ind2=" ">
    <subfield code="a">(CStRLIN)NYCG21209065-B</subfield>
  </datafield>
  <datafield tag="035" ind1=" " ind2=" ">
    <subfield code="9">AAE0445CU</subfield>
  </datafield>
  <datafield tag="035" ind1=" " ind2=" ">
    <subfield code="a">(NNC)38325</subfield>
  </datafield>
  <datafield tag="040" ind1=" " ind2=" ">
    <subfield code="a">NNC</subfield>
    <subfield code="c">NNC</subfield>
  </datafield>
  <datafield tag="041" ind1="0" ind2=" ">
    <subfield code="a">arafre</subfield>
  </datafield>
  <datafield tag="043" ind1=" " ind2=" ">
    <subfield code="a">f-ua---</subfield>
  </datafield>
  <datafield tag="090" ind1=" " ind2=" ">
    <subfield code="a">DT104</subfield>
    <subfield code="b">.D45</subfield>
  </datafield>
  <datafield tag="245" ind1="0" ind2="3">
    <subfield code="a">al-Dhikrá al-miʾawīyah li-wafāt al-maghfūr lahu Muḥammad ʻAlī al-Kabīr, 1849-1949 :</subfield>
    <subfield code="b">Dār al-Ūbirā al-Malakīyah, masāʾa yawm 29 Muḥarram sanata 1369 al-muwāfiq 20 Nūfimbir 1949.</subfield>
  </datafield>
  <datafield tag="260" ind1=" " ind2=" ">
    <subfield code="a">Miṣr :</subfield>
    <subfield code="b">Dār al-Maʻārif,</subfield>
    <subfield code="c">1949.</subfield>
  </datafield>
  <datafield tag="300" ind1=" " ind2=" ">
    <subfield code="a">37, 10 p. ;</subfield>
    <subfield code="c">24 cm.</subfield>
  </datafield>
  <datafield tag="500" ind1=" " ind2=" ">
    <subfield code="a">At head of title: al-Jamʻīyah al-Malakīyah lil-Dirāsāt al-Tārīkhīyah.</subfield>
  </datafield>
  <datafield tag="500" ind1=" " ind2=" ">
    <subfield code="a">Arabic or Arabic and French.</subfield>
  </datafield>
  <datafield tag="500" ind1=" " ind2=" ">
    <subfield code="a">Added t.p., in French: Commémoration centenaire de la mort de Mohamed Aly le Grand.</subfield>
  </datafield>
  <datafield tag="600" ind1="0" ind2="0">
    <subfield code="a">Muḥammad ʻAlī Bāshā,</subfield>
    <subfield code="c">Governor of Egypt,</subfield>
    <subfield code="d">1769-1849</subfield>
    <subfield code="x">Anniversaries, etc.</subfield>
  </datafield>
  <datafield tag="651" ind1=" " ind2="0">
    <subfield code="a">Egypt</subfield>
    <subfield code="x">History</subfield>
    <subfield code="y">Mohammed Ali, 1805-1849.</subfield>
  </datafield>
  <datafield tag="700" ind1="0" ind2=" ">
    <subfield code="a">Muḥammad ʻAlī Bāshā,</subfield>
    <subfield code="c">Governor of Egypt,</subfield>
    <subfield code="d">1769-1849.</subfield>
  </datafield>
  <datafield tag="710" ind1="2" ind2=" ">
    <subfield code="a">Jamʻīyah al-Miṣrīyah lil-Dirāsāt al-Tārīkhīyah.</subfield>
  </datafield>
  <datafield tag="740" ind1="0" ind2=" ">
    <subfield code="a">Commémoration centenaire de la mort de Mohamed Aly le Grand.</subfield>
  </datafield>
  <datafield tag="955" ind1=" " ind2=" ">
    <subfield code="b">CU69240817</subfield>
    <subfield code="d">off,glx</subfield>
    <subfield code="e">DT104 .D45</subfield>
  </datafield>
</record>
</collection>